%% This BibTeX bibliography file was created using BibDesk.
%% http://bibdesk.sourceforge.net/

%% Created for Geoffrey at 2015-11-10 16:08:43 -0800 


%% Saved with string encoding Unicode (UTF-8) 
@ARTICLE{repart, 
author={S. Ningning and G. Chao and A. Xingshuo and Z. Qiang}, 
journal={China Communications}, 
title={Fog computing dynamic load balancing mechanism based on graph repartitioning}, 
year={2016}, 
volume={13}, 
number={3}, 
pages={156-164}, 
keywords={cloud computing;graph theory;resource allocation;virtual machines;cloud atomization technology;cloud computing;delay-sensitive applications;dynamic graph partitioning theory;edge device;fog computing dynamic load balancing mechanism;node migration consumption reduction;physical nodes;polymerization calculation mode;resource utilization efficiency improvement;service computing;system network;system resource configuration;virtual machine nodes;Computational modeling;Decision support systems;Handheld computers;Load management;Load modeling;Partitioning algorithms;fog computing;graph partitioning;load balancing}, 
doi={10.1109/CC.2016.7445510}, 
ISSN={1673-5447}, 
month={March},}

@ARTICLE{jopt, 
author={D. Zeng and L. Gu and S. Guo and Z. Cheng and S. Yu}, 
journal={IEEE Transactions on Computers}, 
title={Joint Optimization of Task Scheduling and Image Placement in Fog Computing Supported Software-Defined Embedded System}, 
year={2016}, 
volume={65}, 
number={12}, 
pages={3702-3712}, 
keywords={cloud computing;computational complexity;embedded systems;integer programming;nonlinear programming;resource allocation;scheduling;I/O interrupt requests balancing;computational complexity;fog computing;image placement;mixed-integer nonlinear programming problem;software-defined embedded system;storage servers;task images;task scheduling;workload balancing;Embedded systems;Fog computing;Image edge detection;Minimization;Processor scheduling;Resource management;Servers;Fog computing;optimization;resource management;software-defined embedded system;task scheduling}, 
doi={10.1109/TC.2016.2536019}, 
ISSN={0018-9340}, 
month={Dec},}

@INPROCEEDINGS{fogba, 
author={J. Oueis and E. C. Strinati and S. Barbarossa}, 
booktitle={2015 IEEE 81st Vehicular Technology Conference (VTC Spring)}, 
title={The Fog Balancing: Load Distribution for Small Cell Cloud Computing}, 
year={2015}, 
pages={1-6}, 
keywords={5G mobile communication;cellular radio;cloud computing;pattern clustering;quality of experience;radio access networks;resource allocation;telecommunication traffic;5G future wireless networks;QoE;capillary edge cloud;fog balancing;fog clustering;load balancing;load distribution;local computation cluster resources;low complexity small cell cluster establishment;network performance;perceived user quality;power consumption;radio access points;resource management customizable algorithm;small cell cloud computing;traffic demand;user quality of experience optimization;Clustering algorithms;Measurement;Mobile communication;Optimization;Power demand;Processor scheduling;Resource management}, 
doi={10.1109/VTCSpring.2015.7146129}, 
ISSN={1550-2252}, 
month={May},}

@incollection{hex,
  title={Hexagonal vs circular cell shape: a comparative analysis and evaluation of the two popular modeling approximations},
  author={Baltzis, Konstantinos B},
  booktitle={Cellular Networks-Positioning, Performance Analysis, Reliability},
  year={2011},
  publisher={InTech}
}

@inproceedings{smallfogcar,
 author = {Hong, Kirak and Lillethun, David and Ramachandran, Umakishore and Ottenw\"{a}lder, Beate and Koldehofe, Boris},
 title = {Mobile Fog: A Programming Model for Large-scale Applications on the Internet of Things},
 booktitle = {Proceedings of the Second ACM SIGCOMM Workshop on Mobile Cloud Computing},
 series = {MCC '13},
 year = {2013},
 isbn = {978-1-4503-2180-8},
 location = {Hong Kong, China},
 pages = {15--20},
 numpages = {6},
 url = {http://doi.acm.org/10.1145/2491266.2491270},
 doi = {10.1145/2491266.2491270},
 acmid = {2491270},
 publisher = {ACM},
 address = {New York, NY, USA},
 keywords = {cloud computing, fog computing, future internet applications, internet of things, programming model, situation awareness applications},
} 


@article{wrr,
  title={Analysis of variants in Round Robin Algorithms for load balancing in Cloud Computing},
  author={Samal, Pooja and Mishra, Pranati},
  journal={International Journal of computer science and Information Technologies},
  volume={4},
  number={3},
  pages={416--419},
  year={2013}

}

@article{amt2,
  title={Performance evaluation of adaptive virtual machine load balancing algorithm},
  author={Sharma, Meenakshi and Sharma, Pankaj},
  journal={IJACSA) International Journal of Advanced Computer Science and Applications},
  volume={3},
  number={2},
  year={2012}
}
@INPROCEEDINGS{amt, 
author={S. G. Domanal and G. R. M. Reddy}, 
booktitle={2013 IEEE International Conference on Cloud Computing in Emerging Markets (CCEM)}, 
title={Load Balancing in Cloud Computingusing Modified Throttled Algorithm}, 
year={2013}, 
pages={1-5}, 
keywords={cloud computing;resource allocation;virtual machines;CloudAnalyst simulator;cloud computing;load balancing;modified throttled algorithm;round robin algorithm;throttled algorithm;virtual machines;virtual servers;Algorithm design and analysis;Cloud computing;Indexes;Load management;Servers;Time factors;Virtual machining}, 
doi={10.1109/CCEM.2013.6684434}, 
month={Oct}
}

@article{aka,
 author = {Nygren, Erik and Sitaraman, Ramesh K. and Sun, Jennifer},
 title = {The Akamai Network: A Platform for High-performance Internet Applications},
 journal = {SIGOPS Oper. Syst. Rev.},
 issue_date = {July 2010},
 volume = {44},
 number = {3},
 month = aug,
 year = {2010},
 issn = {0163-5980},
 pages = {2--19},
 numpages = {18},
 url = {http://doi.acm.org/10.1145/1842733.1842736},
 doi = {10.1145/1842733.1842736},
 acmid = {1842736},
 publisher = {ACM},
 address = {New York, NY, USA},
 keywords = {Akamai, CDN, DNS, HTTP, application acceleration, content delivery, fault tolerance, overlay networks, quality of service, streaming media},
} 
@article{lpsolve,
  title={lpsolve: Open source (mixed-integer) linear programming system},
  author={Berkelaar, Michel and Eikland, Kjell and Notebaert, Peter and others},
  journal={Eindhoven U. of Technology},
  year={2004}
}

@ARTICLE{lc2, 
author={G. Karagiannis and O. Altintas and E. Ekici and G. Heijenk and B. Jarupan and K. Lin and T. Weil}, 
journal={IEEE Communications Surveys Tutorials}, 
title={Vehicular Networking: A Survey and Tutorial on Requirements, Architectures, Challenges, Standards and Solutions}, 
year={2011}, 
volume={13}, 
number={4}, 
pages={584-616}, 
keywords={computer networks;mobile radio;radio networks;road safety;road traffic;telecommunication standards;ITS programs;infotainment;traffic efficiency;traffic safety;vehicular networking;Driver circuits;Intelligent vehicle systems;Road safety;Standardization;System performance;ARIB;ASV;COMeSafety;CVIS;IEEE 1609;IEEE 802.11p;ISO CALM;ITS-Safety 2010;IntelliDrive(sm);SAE;SAFESPOT;SEVECOM;SMARTWAY;V2I;V2V;VII;VSC;Vehicular networking;WAVE;eSafety}, 
doi={10.1109/SURV.2011.061411.00019}, 
ISSN={1553-877X}, 
month={Fourth},}
@INPROCEEDINGS{lc1, 
author={N. B. Truong and G. M. Lee and Y. Ghamri-Doudane}, 
booktitle={2015 IFIP/IEEE International Symposium on Integrated Network Management (IM)}, 
title={Software defined networking-based vehicular Adhoc Network with Fog Computing}, 
year={2015}, 
pages={1202-1207}, 
keywords={software defined networking;telecommunication computing;vehicular ad hoc networks;FSDN;VANET;data streaming;delay-sensitive services;fog computing;lane-change assistance;location-awareness services;safety service;software defined networking;vehicle-to-base station communications;vehicle-to-infrastructure communications;vehicle-to-vehicle communications;vehicular adhoc network;Cloud computing;Computer architecture;Conferences;Protocols;Vehicles;Vehicular ad hoc networks;Wireless communication;Base Station;Data Streaming;Edge Computing;Fog Computing;Lane Change;OpenFlow;RSU;RSUC;Road-side-unit;Road-side-unit Controller;SDN;Software Defined Network;VANET}, 
doi={10.1109/INM.2015.7140467}, 
ISSN={1573-0077}, 
month={May},}

@article{fogcar,
title = "Fog computing for vehicular Ad-hoc networks: paradigms, scenarios, and issues",
journal = "The Journal of China Universities of Posts and Telecommunications",
volume = "23",
number = "2",
pages = "56 - 96",
year = "2016",
note = "",
issn = "1005-8885",
doi = "http://dx.doi.org/10.1016/S1005-8885(16)60021-3",
url = "http://www.sciencedirect.com/science/article/pii/S1005888516600213",
author = "Kang Kai and Wang Cong and Luo Tao",
keywords = "VANET",
keywords = "fog computing",
keywords = "cloud computing",
keywords = "application",
keywords = "vehicular cloud computing"
}

@inproceedings{mit,
 author = {Kumar, Swarun and Gollakota, Shyamnath and Katabi, Dina},
 title = {A Cloud-assisted Design for Autonomous Driving},
 booktitle = {Proceedings of the First Edition of the MCC Workshop on Mobile Cloud Computing},
 series = {MCC '12},
 year = {2012},
 isbn = {978-1-4503-1519-7},
 location = {Helsinki, Finland},
 pages = {41--46},
 numpages = {6},
 url = {http://doi.acm.org/10.1145/2342509.2342519},
 doi = {10.1145/2342509.2342519},
 acmid = {2342519},
 publisher = {ACM},
 address = {New York, NY, USA},
 keywords = {autonomous vehicles, cloud, wireless networks},
} 

@ARTICLE{fogr, 
author={P. Mach and Z. Becvar}, 
journal={IEEE Communications Surveys Tutorials}, 
title={Mobile Edge Computing: A Survey on Architecture and Computation Offloading}, 
year={2017}, 
volume={PP}, 
number={99}, 
pages={1-1}, 
keywords={Batteries;Cloud computing;Delays;Edge computing;Mobile communication;Mobile computing;Tutorials}, 
doi={10.1109/COMST.2017.2682318}, 
ISSN={1553-877X}, 
month={},}

@inproceedings{fogo,
 author = {Bonomi, Flavio and Milito, Rodolfo and Zhu, Jiang and Addepalli, Sateesh},
 title = {Fog Computing and Its Role in the Internet of Things},
 booktitle = {Proceedings of the First Edition of the MCC Workshop on Mobile Cloud Computing},
 series = {MCC '12},
 year = {2012},
 isbn = {978-1-4503-1519-7},
 location = {Helsinki, Finland},
 pages = {13--16},
 numpages = {4},
 url = {http://doi.acm.org/10.1145/2342509.2342513},
 doi = {10.1145/2342509.2342513},
 acmid = {2342513},
 publisher = {ACM},
 address = {New York, NY, USA},
 keywords = {analytics, cloud computing, fog computing, iot, real time systems, software defined networks, wsan},
} 

@inproceedings{cmu,
 author = {Ashok, Ashwin and Steenkiste, Peter and Bai, Fan},
 title = {Enabling Vehicular Applications Using Cloud Services Through Adaptive Computation Offloading},
 booktitle = {Proceedings of the 6th International Workshop on Mobile Cloud Computing and Services},
 series = {MCS '15},
 year = {2015},
 isbn = {978-1-4503-3545-4},
 location = {Paris, France},
 pages = {1--7},
 numpages = {7},
 url = {http://doi.acm.org/10.1145/2802130.2802131},
 doi = {10.1145/2802130.2802131},
 acmid = {2802131},
 publisher = {ACM},
 address = {New York, NY, USA},
 keywords = {adaptive, cloud, computer vision, offloading, service-oriented, vehicular},
} 
@article{iot,
title = "The Internet of Things vision: Key features, applications and open issues",
journal = "Computer Communications",
volume = "54",
number = "",
pages = "1 - 31",
year = "2014",
note = "",
issn = "0140-3664",
doi = "http://dx.doi.org/10.1016/j.comcom.2014.09.008",
url = "http://www.sciencedirect.com/science/article/pii/S0140366414003168",
author = "Eleonora Borgia",
keywords = "Internet of Things (IoT)",
keywords = "RFIDs",
keywords = "Sensors",
keywords = "Machine-to-Machine (M2M) communications",
keywords = "Standardization"
}
@INPROCEEDINGS{rome, 
author={D. Stynes and K. N. Brown and C. J. Sreenan}, 
booktitle={2016 International Wireless Communications and Mobile Computing Conference (IWCMC)}, 
title={A probabilistic approach to user mobility prediction for wireless services}, 
year={2016}, 
pages={120-125}, 
keywords={mobility management (mobile radio);probability;telecommunication services;G-Stat predictors;HEM predictors;geolocation data sets;mobile networks;mobility predictions;network resource management;probabilistic approach;probability distribution;user mobility prediction;wireless services;Handover;History;Mobile communication;Prediction algorithms;Probability distribution;Training data;Location Based Services;Mobile networking;Mobility Prediction;Mobility and Nomadicity}, 
doi={10.1109/IWCMC.2016.7577044}, 
month={Sept},}

@misc{romet,
    author = {Lorenzo Bracciale and Marco Bonola and Pierpaolo Loreti and Giuseppe Bianchi and Raul Amici and Antonello Rabuffi},
    title = {{CRAWDAD} dataset roma/taxi (v. 2014-07-17)},
    howpublished = {Downloaded from \url{http://crawdad.org/roma/taxi/20140717}},
    doi = {10.15783/C7QC7M},
    month = jul,
    year = 2014
}


@inproceedings{sf,
 author = {Salvador, Paulo and Nogueira, Ant\'{o}nio},
 title = {Markov Modulated Bi-variate Gaussian Processes for Mobility Modeling and Location Prediction},
 booktitle = {Proceedings of the 10th International IFIP TC 6 Conference on Networking - Volume Part I},
 series = {NETWORKING'11},
 year = {2011},
 isbn = {978-3-642-20756-3},
 location = {Valencia, Spain},
 pages = {227--240},
 numpages = {14},
 url = {http://dl.acm.org/citation.cfm?id=2008780.2008803},
 acmid = {2008803},
 publisher = {Springer-Verlag},
 address = {Berlin, Heidelberg},
 keywords = {Markov model, location prediction, mobility modeling, modulated bi-variate Gaussian process},
} 


@ARTICLE{wave, 
journal={IEEE Std 802.11p-2010 (Amendment to IEEE Std 802.11-2007 as amended by IEEE Std 802.11k-2008, IEEE Std 802.11r-2008, IEEE Std 802.11y-2008, IEEE Std 802.11n-2009, and IEEE Std 802.11w-2009)}, 
title={IEEE Standard for Information technology-- Local and metropolitan area networks-- Specific requirements-- Part 11: Wireless LAN Medium Access Control (MAC) and Physical Layer (PHY) Specifications Amendment 6: Wireless Access in Vehicular Environments}, 
year={2010}, 
pages={1-51}, 
keywords={access protocols;mobile radio;wireless LAN;IEEE Std 802.11;IEEE standard;information exchange;information technology;medium access control;metropolitan area networks;physical layer specifications;vehicular environments;wireless access;wireless local area networks;IEEE 802.11 Standards;IEEE standards;Vehicles;Wireless communication;5.9 GHz;wireless access in vehicular environments}, 
doi={10.1109/IEEESTD.2010.5514475}, 
month={July},}

@ARTICLE{waver, 
author={J. Gozalvez and M. Sepulcre and R. Bauza}, 
journal={IEEE Communications Magazine}, 
title={IEEE 802.11p vehicle to infrastructure communications in urban environments}, 
year={2012}, 
volume={50}, 
number={5}, 
pages={176-183}, 
keywords={automated highways;traffic engineering computing;wireless LAN;IEEE 802.11p;heavy vehicle presence;terrain elevation;traffic density;tree presence;urban environments;vehicle-to-infrastructure communications;Cooperative systems;Intelligent transportation systems;Road transportation;Road vehicles;Traffic control;Urban areas}, 
doi={10.1109/MCOM.2012.6194400}, 
ISSN={0163-6804}, 
month={May},}

@ARTICLE{optimalw, 
author={R. Deng and R. Lu and C. Lai and T. H. Luan and H. Liang}, 
journal={IEEE Internet of Things Journal}, 
title={Optimal Workload Allocation in Fog-Cloud Computing Toward Balanced Delay and Power Consumption}, 
year={2016}, 
volume={3}, 
number={6}, 
pages={1171-1181}, 
keywords={approximation theory;cloud computing;mobile computing;approximate approach;balanced delay;edge computing;fog cloud computing;information services;localized computing facilities;mobile users;optimal workload allocation;power consumption;remote cloud;transmission delay;Cloud computing;Energy consumption;Internet of things;Load management;Mobile communication;Power demand;Resource management;Servers;Cloud computing;fog computing;optimization;power consumption-delay tradeoff;workload allocation}, 
doi={10.1109/JIOT.2016.2565516}, 
ISSN={2327-4662}, 
month={Dec},}

@ARTICLE{onlinep, 
author={S. Wang and M. Zafer and K. K. Leung}, 
journal={IEEE Access}, 
title={Online Placement of Multi-Component Applications in Edge Computing Environments}, 
year={2017}, 
volume={5}, 
pages={2514-2533}, 
keywords={algorithm theory;cloud computing;MEC;application placement problem;cloud computing paradigm;edge computing environments;heuristic algorithms;linear application graph;mobile edge computing;mobile edge-clouds;multicomponent applications;online approximation algorithms;online placement;optimal solution;performance guarantees;poly-log competitive ratio;polynomial-logarithmic competitive ratio;poor performance;provable performance bounds;small-sized edge clouds;tree application graph placement;user application;workload placement problem;Approximation algorithms;Cloud computing;Databases;Face recognition;Mobile communication;Mobile handsets;Streaming media;Cloud computing;graph mapping;mobile edge-cloud (MEC);online approximation algorithm;optimization theory}, 
doi={10.1109/ACCESS.2017.2665971}, 
ISSN={2169-3536}, 
month={},}

@article {energya,
author = {Chunlin, Li and Yanpei, Liu and Youlong, Luo},
title = {Energy-aware cross-layer resource allocation in mobile cloud},
journal = {International Journal of Communication Systems},
volume = {30},
number = {12},
issn = {1099-1131},
url = {http://dx.doi.org/10.1002/dac.3258},
doi = {10.1002/dac.3258},
pages = {e3258--n/a},
keywords = {cross-layer, mobile cloud, resource allocation},
year = {2017},
note = {e3258 IJCS-16-0378.R1},
}

@inproceedings{serviceo,
 author = {Nishio, Takayuki and Shinkuma, Ryoichi and Takahashi, Tatsuro and Mandayam, Narayan B.},
 title = {Service-oriented Heterogeneous Resource Sharing for Optimizing Service Latency in Mobile Cloud},
 booktitle = {Proceedings of the First International Workshop on Mobile Cloud Computing \&\#38; Networking},
 series = {MobileCloud '13},
 year = {2013},
 isbn = {978-1-4503-2206-5},
 location = {Bangalore, India},
 pages = {19--26},
 numpages = {8},
 url = {http://doi.acm.org/10.1145/2492348.2492354},
 doi = {10.1145/2492348.2492354},
 acmid = {2492354},
 publisher = {ACM},
 address = {New York, NY, USA},
 keywords = {cloud computing, fog computing, heterogeneous resource sharing, mobile cloud, service-oriented},
} 

@INPROCEEDINGS{thef, 
author={J. Oueis and E. C. Strinati and S. Barbarossa}, 
booktitle={2015 IEEE 81st Vehicular Technology Conference (VTC Spring)}, 
title={The Fog Balancing: Load Distribution for Small Cell Cloud Computing}, 
year={2015}, 
pages={1-6}, 
keywords={5G mobile communication;cellular radio;cloud computing;pattern clustering;quality of experience;radio access networks;resource allocation;telecommunication traffic;5G future wireless networks;QoE;capillary edge cloud;fog balancing;fog clustering;load balancing;load distribution;local computation cluster resources;low complexity small cell cluster establishment;network performance;perceived user quality;power consumption;radio access points;resource management customizable algorithm;small cell cloud computing;traffic demand;user quality of experience optimization;Clustering algorithms;Measurement;Mobile communication;Optimization;Power demand;Processor scheduling;Resource management}, 
doi={10.1109/VTCSpring.2015.7146129}, 
ISSN={1550-2252}, 
month={May},}

@inproceedings{oppos,
 author = {Hong, Kirak and Lillethun, David and Ramachandran, Umakishore and Ottenw\"{a}lder, Beate and Koldehofe, Boris},
 title = {Opportunistic Spatio-temporal Event Processing for Mobile Situation Awareness},
 booktitle = {Proceedings of the 7th ACM International Conference on Distributed Event-based Systems},
 series = {DEBS '13},
 year = {2013},
 isbn = {978-1-4503-1758-0},
 location = {Arlington, Texas, USA},
 pages = {195--206},
 numpages = {12},
 url = {http://doi.acm.org/10.1145/2488222.2488266},
 doi = {10.1145/2488222.2488266},
 acmid = {2488266},
 publisher = {ACM},
 address = {New York, NY, USA},
 keywords = {complex event processing, mobility, situation awareness},
} 
